@article{DBLP:journals/corr/abs-1806-07572,
  author       = {Arthur Jacot and
                  Franck Gabriel and
                  Cl{\'{e}}ment Hongler},
  title        = {Neural Tangent Kernel: Convergence and Generalization in Neural Networks},
  journal      = {CoRR},
  volume       = {abs/1806.07572},
  year         = {2018},
  url          = {http://arxiv.org/abs/1806.07572},
  eprinttype    = {arXiv},
  eprint       = {1806.07572},
  timestamp    = {Mon, 13 Aug 2018 16:46:13 +0200},
  biburl       = {https://dblp.org/rec/journals/corr/abs-1806-07572.bib},
  bibsource    = {dblp computer science bibliography, https://dblp.org}
}